@article{LauteslagerValidation, title={Validation of a New Contactless and Continuous Respiratory Rate Monitoring Device Based on Ultra-Wideband Radar Technology}, volume={21}, ISSN={1424-8220}, url={http://dx.doi.org/10.3390/s21124027}, DOI={10.3390/s21124027}, number={12}, journal={Sensors}, publisher={MDPI AG}, author={Lauteslager, Timo and Maslik, Michal and Siddiqui, Fares and Marfani, Saad and Leschziner, Guy D. and Williams, Adrian J.}, year={2021}, month={Jun}, pages={4027} }


@article{RadarSensor,
  author={Zito, Domenico and Pepe, Domenico and Mincica, Martina and Zito, Fabio and Tognetti, Alessandro and Lanata, Antonio and De Rossi, Danilo},
  journal={IEEE Transactions on Biomedical Circuits and Systems}, 
  title={SoC CMOS UWB Pulse Radar Sensor for Contactless Respiratory Rate Monitoring}, 
  year={2011},
  volume={5},
  number={6},
  pages={503-510},
  doi={10.1109/TBCAS.2011.2176937}}

  @ARTICLE{CamerasBasedVitalSigns,
  author={van Gastel, Mark and Stuijk, Sander and Overeem, Sebastiaan and van Dijk, Johannes P. and van Gilst, Merel M. and de Haan, Gerard},
  journal={IEEE Journal of Biomedical and Health Informatics}, 
  title={Camera-Based Vital Signs Monitoring During Sleep – A Proof of Concept Study}, 
  year={2021},
  volume={25},
  number={5},
  pages={1409-1418},
  doi={10.1109/JBHI.2020.3045859}}



  @article{GarminArticol,
  author = {Chinoy, Evan D and Cuellar, Joseph A and Huwa, Kirbie E and Jameson, Jason T and Watson, Catherine H and Bessman, Sara C and Hirsch, Dale A and Cooper, Adam D and Drummond, Sean P A and Markwald, Rachel R},
  title = "{Performance of seven consumer sleep-tracking devices compared with polysomnography}",
  journal = {Sleep},
  volume = {44},
  number = {5},
  year = {2020},
  month = {12},
  issn = {0161-8105},
  doi = {10.1093/sleep/zsaa291},
  url = {https://doi.org/10.1093/sleep/zsaa291},
  
}





@article{Pal2022BreathingWakefulness,
    title = {{Breathing rate variability in obstructive sleep apnea during wakefulness}},
    year = {2022},
    journal = {Journal of clinical sleep medicine : JCSM : official publication of the American Academy of Sleep Medicine},
    author = {Pal, Amrita and Martinez, Fernando and Akey, Margaret A. and Aysola, Ravi S. and Henderson, Luke A. and Malhotra, Atul and Macey, Paul M.},
    number = {3},
    month = {3},
    pages = {825--833},
    volume = {18},
    publisher = {J Clin Sleep Med},
    url = {https://pubmed.ncbi.nlm.nih.gov/34669569/},
    doi = {10.5664/JCSM.9728},
    issn = {1550-9397},
    pmid = {34669569},
    keywords = {Adult, Aged, Amrita Pal, Body Mass Index, Extramural, Female, Fernando Martinez, Humans, MEDLINE, Middle Aged, N.I.H., NCBI, NIH, NLM, National Center for Biotechnology Information, National Institutes of Health, National Library of Medicine, Obstructive* / complications, PMC8883075, Paul M Macey, PubMed Abstract, Research Support, Respiration, Sleep / physiology, Sleep Apnea, Wakefulness* / physiology, doi:10.5664/jcsm.9728, pmid:34669569}
}
@article{SadekAStudy,
    title = {{A New Approach for Detecting Sleep Apnea Using a Contactless Bed Sensor: Comparison Study}},
    author = {Sadek, Ibrahim and Tan, Terry and Heng, Soon and Seet, ; Edwin and Abdulrazak, Bessam},
    url = {http://www.jmir.org/2020/9/e18297/},
    doi = {10.2196/18297}
}



@article{Tenhunen2013EmfitBreathing,
    title = {{Emfit movement sensor in evaluating nocturnal breathing}},
    year = {2013},
    journal = {Respiratory Physiology {\&} Neurobiology},
    author = {Tenhunen, Mirja and Elomaa, Ella and Sistonen, Heli and Rauhala, Esa and Himanen, Sari Leena},
    number = {2},
    month = {6},
    pages = {183--189},
    volume = {187},
    publisher = {Elsevier},
    doi = {10.1016/J.RESP.2013.03.009},
    issn = {1569-9048},
    pmid = {23583829},
    keywords = {Emfit, Respiratory effort, SCSB, Sleep, Sleep-disordered breathing, Sleep-mattress}
}
@misc{WirelessSystem,
    title = {{Wireless and Portable Polysomnography Device: Nox A1 PSG System}},
    url = {https://noxmedical.com/products/nox-a1-psg-system/},
    note = "visited on dd.mm.yyyy"

}

@online{sensomativeUrl,
howpublished = {\url{https://sensomative.com/}},
  note = "visited on dd.mm.yyyy"
  }
}

@misc{DevelopingSleep,
    title = {{Developing a robotic platform to improve the quality of sleep}},
    url = {https://www.news-medical.net/news/20220318/Developing-an-autonomous-robotic-platform-to-improve-the-quality-of-sleep.aspx},
    note = "visited on dd.mm.yyyy"
}

@online{garminUrl,
howpublished = {\url{https://www.garmin.com}},
  note = "visited on dd.mm.yyyy",
  }
}


@misc{SensingConnectivity,
    title = {{Sensing Tex - Stretchable Electronics, Smarter Connectivity}},
    url = {https://sensingtex.com/},
    annote = "visited on dd.mm.yyyy"
}

@misc{emfitUrl,
title = {{Emfit}},
url = {https://www.emfit.com},
  note = "visited on dd.mm.yyyy"
  }
}
@ARTICLE{SasPatients,
  author={Wang, Zihao and Sui, Zhipeng and Zhang, Aojie and Wang, Renrui and Zhang, Zhao and Lin, Feng and Chen, Junliang and Gao, Shuo},
  journal={IEEE Sensors Journal}, 
  title={A Piezoresistive Array Based Force Sensing Technique for Sleeping Posture and Respiratory Rate Detection for SAS Patients}, 
  year={2021},
  volume={},
  number={},
  pages={1-1},
  doi={10.1109/JSEN.2021.3134823}}



@article{Long2014AnalyzingClassification,
    title = {{Analyzing respiratory effort amplitude for automated sleep stage classification}},
    year = {2014},
    journal = {Biomedical Signal Processing and Control},
    author = {Long, Xi and Foussier, Jérôme and Fonseca, Pedro and Haakma, Reinder and Aarts, Ronald M.},
    number = {1},
    month = {11},
    pages = {197--205},
    volume = {14},
    publisher = {Elsevier},
    doi = {10.1016/J.BSPC.2014.08.001},
    issn = {1746-8094},
    keywords = {Feature extraction, Respiratory effort amplitude, Signal calibration, Sleep stage classification}
}

@article{NatarajanARTICLEDetection,
    title = {{ARTICLE Measurement of respiratory rate using wearable devices and applications to COVID-19 detection}},
    author = {Natarajan, Aravind and Su, Hao-Wei and Heneghan, Conor and Blunt, Leanna and Niehaus, Logan},
    url = {https://doi.org/10.1038/s41746-021-00493-6},
    doi = {10.1038/s41746-021-00493-6}
}

@article{Noto2018AutomatedToolbox,
    title = {{Automated analysis of breathing waveforms using BreathMetrics: a respiratory signal processing toolbox}},
    year = {2018},
    journal = {Chemical senses},
    author = {Noto, Torben and Zhou, Guangyu and Schuele, Stephan and Templer, Jessica and Zelano, Christina},
    number = {8},
    month = {9},
    pages = {583--597},
    volume = {43},
    publisher = {Chem Senses},
    url = {https://pubmed.ncbi.nlm.nih.gov/29985980/},
    doi = {10.1093/CHEMSE/BJY045},
    issn = {1464-3553},
    pmid = {29985980},
    keywords = {Algorithms, Automation, Christina Zelano, Extramural, Guangyu Zhou, Humans, MEDLINE, N.I.H., NCBI, NIH, NLM, Nasal Cavity / physiology, National Center for Biotechnology Information, National Institutes of Health, National Library of Medicine, Olfactory Cortex / physiology, Olfactory Perception, PMC6150778, PubMed Abstract, Reproducibility of Results, Research Support, Respiration*, Torben Noto, doi:10.1093/chemse/bjy045, pmid:29985980}
}

@article{HoogAntink2020BallistocardiographyIntervention,
    title = {{Ballistocardiography can estimate beat-to-beat heart rate accurately at night in patients after vascular intervention}},
    year = {2020},
    journal = {IEEE Journal of Biomedical and Health Informatics},
    author = {Hoog Antink, Christoph and Mai, Yen and Aalto, Roosa and Bruser, Christoph and Leonhardt, Steffen and Oksala, Niku and Vehkaoja, Antti},
    number = {8},
    month = {8},
    pages = {2230--2237},
    volume = {24},
    publisher = {Institute of Electrical and Electronics Engineers Inc.},
    doi = {10.1109/JBHI.2020.2970298},
    issn = {21682208},
    pmid = {32011272},
    keywords = {Ballistocardiography (BCG), beat-to-beat intervals, heart rate, heart rate variability, unobtrusive sensing}
}

@article{KempfleBreathingMethods,
    title = {{Breathing In-Depth: A Parametrization Study on RGB-D Respiration Extraction Methods}},
    author = {Kempfle, Jochen and Laerhoven, Kristof Van},
    url = {www.frontiersin.org},
    isbn = {2021.757277},
    doi = {10.3389/fcomp.2021.757277},
    keywords = {depth imaging, depth-based breathing estimation, remote respiration measurement, respiration sensing, rgb-d}
}

@article{CallejaComparisonApnoea,
    title = {{Comparison of a cardiorespiratory device versus polysomnography for diagnosis of sleep apnoea}},
    author = {Calleja, J M and Esnaola, S and Rubio, R and Dur{\'{a}}, J},
    doi = {10.1183/09031936.02.00297402}
}

@article{Calleja2002ComparisonApnoea,
    title = {{Comparison of a cardiorespiratory device versus polysomnography for diagnosis of sleep apnoea}},
    year = {2002},
    journal = {The European respiratory journal},
    author = {Calleja, J. M. and Esnaola, S. and Rubio, R. and Dur{\'{a}}n, J.},
    number = {6},
    month = {12},
    pages = {1505--1510},
    volume = {20},
    publisher = {Eur Respir J},
    url = {https://pubmed.ncbi.nlm.nih.gov/12503711/},
    doi = {10.1183/09031936.02.00297402},
    issn = {0903-1936},
    pmid = {12503711},
    keywords = {Ambulatory / instrumentation*, Comparative Study, Female, Humans, J Dur{\'{a}}n, J M Calleja, MEDLINE, Male, Middle Aged, Monitoring, NCBI, NIH, NLM, National Center for Biotechnology Information, National Institutes of Health, National Library of Medicine, Non-U.S. Gov't, Polysomnography*, PubMed Abstract, ROC Curve, Research Support, S Esnaola, Sensitivity and Specificity, Sleep Apnea Syndromes / diagnosis*, doi:10.1183/09031936.02.00297402, pmid:12503711}
}

@article{Bakker2021EstimatingSeverity,
    title = {{Estimating sleep stages using cardiorespiratory signals: Validation of a novel algorithm across a wide range of sleep-disordered breathing severity}},
    year = {2021},
    journal = {Journal of Clinical Sleep Medicine},
    author = {Bakker, Jessie P. and Ross, Marco and Vasko, Ray and Cerny, Andreas and Fonseca, Pedro and Jasko, Jeff and Shaw, Edmund and White, David P. and Anderer, Peter},
    number = {7},
    month = {7},
    pages = {1343--1354},
    volume = {17},
    publisher = {American Academy of Sleep Medicine},
    url = {https://jcsm.aasm.org/doi/10.5664/jcsm.9192 https://jcsm.aasm.org/},
    doi = {10.5664/JCSM.9192/SUPPL{\_}FILE/JCSM.9192.DS001.PDF},
    issn = {15509397},
    pmid = {33660612},
    keywords = {Polysomnography, Sleep apnea syndromes, Sleep stages, Validation study}
}

@article{Hunt2015IdentificationExercise,
    title = {{Identification of heart rate dynamics during moderate-to-vigorous treadmill exercise}},
    year = {2015},
    journal = {BioMedical Engineering Online},
    author = {Hunt, Kenneth J. and Fankhauser, Simon E. and Saengsuwan, Jittima},
    number = {1},
    month = {12},
    pages = {1--13},
    volume = {14},
    publisher = {BioMed Central Ltd.},
    url = {https://biomedical-engineering-online.biomedcentral.com/articles/10.1186/s12938-015-0112-7},
    doi = {10.1186/S12938-015-0112-7/FIGURES/5},
    issn = {1475925X},
    pmid = {26689430},
    keywords = {Biomaterials, Biomedical Engineering and Bioengineering, Biomedical Engineering/Biotechnology, Biotechnology}
}

@misc{IEEEPDF:,
    title = {{IEEE Xplore Full-Text PDF:}},
    url = {https://ieeexplore.ieee.org/stamp/stamp.jsp?arnumber=8214103}
}

@article{Penzel2016ModulationsPolysomnography,
    title = {{Modulations of Heart Rate, ECG, and Cardio-Respiratory Coupling Observed in Polysomnography}},
    year = {2016},
    journal = {Frontiers in physiology},
    author = {Penzel, Thomas and Kantelhardt, Jan W. and Bartsch, Ronny P. and Riedl, Maik and Kraemer, Jan F. and Wessel, Niels and Garcia, Carmen and Glos, Martin and Fietze, Ingo and Sch{\"{o}}bel, Christoph},
    number = {OCT},
    month = {10},
    volume = {7},
    publisher = {Front Physiol},
    url = {https://pubmed.ncbi.nlm.nih.gov/27826247/},
    doi = {10.3389/FPHYS.2016.00460},
    issn = {1664-042X},
    pmid = {27826247},
    keywords = {Christoph Sch{\"{o}}bel, Jan W Kantelhardt, MEDLINE, NCBI, NIH, NLM, National Center for Biotechnology Information, National Institutes of Health, National Library of Medicine, PMC5078504, PubMed Abstract, Review, Thomas Penzel, doi:10.3389/fphys.2016.00460, pmid:27826247}
}

@article{Sadek2017NonintrusiveStudy,
    title = {{Nonintrusive Vital Signs Monitoring for Sleep Apnea Patients: A Preliminary Study}},
    year = {2017},
    journal = {IEEE Access},
    author = {Sadek, Ibrahim and Seet, Edwin and Biswas, Jit and Abdulrazak, Bessam and Mokhtari, Mounir},
    month = {12},
    pages = {2506--2514},
    volume = {6},
    publisher = {Institute of Electrical and Electronics Engineers Inc.},
    doi = {10.1109/ACCESS.2017.2783939},
    issn = {21693536},
    keywords = {Ballistocardiography, e-health, sleep apnea, technology and services for home care, vital signs}
}

@article{Chourpiliadis2022PhysiologyRate,
    title = {{Physiology, Respiratory Rate}},
    year = {2022},
    journal = {StatPearls},
    author = {Chourpiliadis, Charilaos and Bhardwaj, Abhishek},
    month = {9},
    publisher = {StatPearls Publishing},
    url = {https://www.ncbi.nlm.nih.gov/books/NBK537306/},
    pmid = {30725991}
}

@article{Bleich2010RespiratorySleep,
    title = {{Respiratory Dysrhythmias during Sleep}},
    year = {2010},
    journal = {http://dx.doi.org/10.1056/NEJM198108063050606},
    author = {Bleich, Howard L. and Moore, Mary Jean and Cherniack, Neil S.},
    number = {6},
    month = {1},
    pages = {325--330},
    volume = {305},
    publisher = { Massachusetts Medical Society },
    url = {https://www.nejm.org/doi/full/10.1056/NEJM198108063050606},
    doi = {10.1056/NEJM198108063050606},
    issn = {0028-4793},
    pmid = {7017417}
}

@article{Cowie2017SleepArt,
    title = {{Sleep apnea: State of the art}},
    year = {2017},
    journal = {Trends in cardiovascular medicine},
    author = {Cowie, Martin R.},
    number = {4},
    month = {5},
    pages = {280--289},
    volume = {27},
    publisher = {Trends Cardiovasc Med},
    url = {https://pubmed.ncbi.nlm.nih.gov/28143688/},
    doi = {10.1016/J.TCM.2016.12.005},
    issn = {1873-2615},
    pmid = {28143688},
    keywords = {Cardiovascular System / physiopathology*, Continuous Positive Airway Pressure, Electric Stimulation Therapy, Heart Diseases / diagnosis, Heart Diseases / etiology*, Heart Diseases / physiopathology, Heart Diseases / prevention {\&} control, Hemodynamics*, Humans, Lung / physiopathology*, MEDLINE, Martin R Cowie, NCBI, NIH, NLM, National Center for Biotechnology Information, National Institutes of Health, National Library of Medicine, Oxygen Inhalation Therapy, Polysomnography, Prognosis, PubMed Abstract, Respiration*, Review, Risk Assessment, Risk Factors, Risk Reduction Behavior, Sleep Apnea Syndromes / complications*, Sleep Apnea Syndromes / diagnosis, Sleep Apnea Syndromes / physiopathology, Sleep Apnea Syndromes / therapy, Sleep*, doi:10.1016/j.tcm.2016.12.005, pmid:28143688}
}

@article{Tataraidze2015SleepSignal,
    title = {{Sleep stage classification based on respiratory signal}},
    year = {2015},
    journal = {Proceedings of the Annual International Conference of the IEEE Engineering in Medicine and Biology Society, EMBS},
    author = {Tataraidze, Alexander and Anishchenko, Lesya and Korostovtseva, Lyudmila and Kooij, Bert Jan and Bochkarev, Mikhail and Sviryaev, Yurii},
    month = {11},
    pages = {358--361},
    volume = {2015-November},
    publisher = {Institute of Electrical and Electronics Engineers Inc.},
    isbn = {9781424492718},
    doi = {10.1109/EMBC.2015.7318373},
    issn = {1557170X},
    pmid = {26736273}
}

@article{Gasmi2020SleepVariables,
    title = {{Sleep stages classification using cardio-respiratory variables}},
    year = {2020},
    journal = {IEEE International Conference on Automation Science and Engineering},
    author = {Gasmi, Asma and Augusto, Vincent and Beaudet, Paul Antoine and Faucheu, Jenny and Morin, Claire and Serpaggi, Xavier and Vassel, Franck},
    month = {8},
    pages = {1031--1036},
    volume = {2020-August},
    publisher = {IEEE},
    url = {https://hal-emse.ccsd.cnrs.fr/emse-03128483 https://hal-emse.ccsd.cnrs.fr/emse-03128483/document},
    isbn = {9781728169040},
    doi = {10.1109/CASE48305.2020.9217045},
    issn = {21618089}
}

@article{Lutfi2017TheMeasurements,
    title = {{The physiological basis and clinical significance of lung volume measurements}},
    year = {2017},
    journal = {Multidisciplinary respiratory medicine},
    author = {Lutfi, Mohamed Faisal},
    number = {1},
    month = {2},
    volume = {12},
    publisher = {Multidiscip Respir Med},
    url = {https://pubmed.ncbi.nlm.nih.gov/28194273/},
    doi = {10.1186/S40248-017-0084-5},
    issn = {1828-695X},
    pmid = {28194273},
    keywords = {MEDLINE, Mohamed Faisal Lutfi, NCBI, NIH, NLM, National Center for Biotechnology Information, National Institutes of Health, National Library of Medicine, PMC5299792, PubMed Abstract, Review, doi:10.1186/s40248-017-0084-5, pmid:28194273}
}