@article{SadekAStudy,
    title = {{A New Approach for Detecting Sleep Apnea Using a Contactless Bed Sensor: Comparison Study}},
    author = {Sadek, Ibrahim and Tan, Terry and Heng, Soon and Seet, ; Edwin and Abdulrazak, Bessam},
    url = {http://www.jmir.org/2020/9/e18297/},
    doi = {10.2196/18297}
}

@article{Sadek2020AStudy,
    title = {{A New Approach for Detecting Sleep Apnea Using a Contactless Bed Sensor: Comparison Study}},
    year = {2020},
    journal = {J Med Internet Res 2020;22(9):e18297 https://www.jmir.org/2020/9/e18297},
    author = {Sadek, Ibrahim and Tan Soon Heng, Terry and Seet, Edwin and Abdulrazak, Bessam},
    number = {9},
    month = {9},
    pages = {e18297},
    volume = {22},
    publisher = {Journal of Medical Internet Research},
    url = {https://www.jmir.org/2020/9/e18297},
    doi = {10.2196/18297},
    issn = {14388871},
    pmid = {32945773},
    keywords = {ballistocardiography, eHealth, home care, mobile health, sleep apnea, vital signs}
}

@article{Wang2021APatients,
    title = {{A Piezoresistive Array Based Force Sensing Technique for Sleeping Posture and Respiratory Rate Detection for SAS Patients}},
    year = {2021},
    journal = {IEEE Sensors Journal},
    author = {Wang, Zihao and Sui, Zhipeng and Zhang, Aojie and Wang, Renrui and Zhang, Zhao and Lin, Feng and Chen, Junliang and Gao, Shuo},
    publisher = {Institute of Electrical and Electronics Engineers Inc.},
    doi = {10.1109/JSEN.2021.3134823},
    issn = {15581748},
    keywords = {Force sensing, Monitoring, Piezoresistance, Piezoresistive array, Prediction algorithms, Privacy, Respiratory rate, Sensors, Sleep apnea, Sleep apnea syndrome, Sleeping posture, Support vector machines}
}

@article{Long2014AnalyzingClassification,
    title = {{Analyzing respiratory effort amplitude for automated sleep stage classification}},
    year = {2014},
    journal = {Biomedical Signal Processing and Control},
    author = {Long, Xi and Foussier, Jérôme and Fonseca, Pedro and Haakma, Reinder and Aarts, Ronald M.},
    number = {1},
    month = {11},
    pages = {197--205},
    volume = {14},
    publisher = {Elsevier},
    doi = {10.1016/J.BSPC.2014.08.001},
    issn = {1746-8094},
    keywords = {Feature extraction, Respiratory effort amplitude, Signal calibration, Sleep stage classification}
}

@article{Chanda2003ApplicationLines,
    title = {{Application of wavelet multiresolution analysis for classification of faults on transmission lines}},
    year = {2003},
    journal = {IEEE Region 10 Annual International Conference, Proceedings/TENCON},
    author = {Chanda, D. and Kishore, N. K. and Sinha, A. K.},
    pages = {1464--1469},
    volume = {4},
    doi = {10.1109/TENCON.2003.1273161},
    keywords = {EMTP, Fault classi-fication, Multi-resolution analysis, Wavelet transforms}
}

@article{NatarajanARTICLEDetection,
    title = {{ARTICLE Measurement of respiratory rate using wearable devices and applications to COVID-19 detection}},
    author = {Natarajan, Aravind and Su, Hao-Wei and Heneghan, Conor and Blunt, Leanna and Niehaus, Logan},
    url = {https://doi.org/10.1038/s41746-021-00493-6},
    doi = {10.1038/s41746-021-00493-6}
}

@article{Noto2018AutomatedToolbox,
    title = {{Automated analysis of breathing waveforms using BreathMetrics: a respiratory signal processing toolbox}},
    year = {2018},
    journal = {Chemical senses},
    author = {Noto, Torben and Zhou, Guangyu and Schuele, Stephan and Templer, Jessica and Zelano, Christina},
    number = {8},
    month = {9},
    pages = {583--597},
    volume = {43},
    publisher = {Chem Senses},
    url = {https://pubmed.ncbi.nlm.nih.gov/29985980/},
    doi = {10.1093/CHEMSE/BJY045},
    issn = {1464-3553},
    pmid = {29985980},
    keywords = {Algorithms, Automation, Christina Zelano, Extramural, Guangyu Zhou, Humans, MEDLINE, N.I.H., NCBI, NIH, NLM, Nasal Cavity / physiology, National Center for Biotechnology Information, National Institutes of Health, National Library of Medicine, Olfactory Cortex / physiology, Olfactory Perception, PMC6150778, PubMed Abstract, Reproducibility of Results, Research Support, Respiration*, Torben Noto, doi:10.1093/chemse/bjy045, pmid:29985980}
}

@article{HoogAntink2020BallistocardiographyIntervention,
    title = {{Ballistocardiography can estimate beat-to-beat heart rate accurately at night in patients after vascular intervention}},
    year = {2020},
    journal = {IEEE Journal of Biomedical and Health Informatics},
    author = {Hoog Antink, Christoph and Mai, Yen and Aalto, Roosa and Bruser, Christoph and Leonhardt, Steffen and Oksala, Niku and Vehkaoja, Antti},
    number = {8},
    month = {8},
    pages = {2230--2237},
    volume = {24},
    publisher = {Institute of Electrical and Electronics Engineers Inc.},
    doi = {10.1109/JBHI.2020.2970298},
    issn = {21682208},
    pmid = {32011272},
    keywords = {Ballistocardiography (BCG), beat-to-beat intervals, heart rate, heart rate variability, unobtrusive sensing}
}

@article{KempfleBreathingMethods,
    title = {{Breathing In-Depth: A Parametrization Study on RGB-D Respiration Extraction Methods}},
    author = {Kempfle, Jochen and Laerhoven, Kristof Van},
    url = {www.frontiersin.org},
    isbn = {2021.757277},
    doi = {10.3389/fcomp.2021.757277},
    keywords = {depth imaging, depth-based breathing estimation, remote respiration measurement, respiration sensing, rgb-d}
}

@article{DelNegro2018BreathingMatters,
    title = {{Breathing matters}},
    year = {2018},
    journal = {Nature Reviews Neuroscience 2018 19:6},
    author = {Del Negro, Christopher A. and Funk, Gregory D. and Feldman, Jack L.},
    number = {6},
    month = {5},
    pages = {351--367},
    volume = {19},
    publisher = {Nature Publishing Group},
    url = {https://www.nature.com/articles/s41583-018-0003-6},
    doi = {10.1038/s41583-018-0003-6},
    issn = {1471-0048},
    pmid = {29740175},
    keywords = {Brainstem, Central pattern generators, Neurophysiology, Respiration}
}

@article{Pal2022BreathingWakefulness,
    title = {{Breathing rate variability in obstructive sleep apnea during wakefulness}},
    year = {2022},
    journal = {Journal of clinical sleep medicine : JCSM : official publication of the American Academy of Sleep Medicine},
    author = {Pal, Amrita and Martinez, Fernando and Akey, Margaret A. and Aysola, Ravi S. and Henderson, Luke A. and Malhotra, Atul and Macey, Paul M.},
    number = {3},
    month = {3},
    pages = {825--833},
    volume = {18},
    publisher = {J Clin Sleep Med},
    url = {https://pubmed.ncbi.nlm.nih.gov/34669569/},
    doi = {10.5664/JCSM.9728},
    issn = {1550-9397},
    pmid = {34669569},
    keywords = {Adult, Aged, Amrita Pal, Body Mass Index, Extramural, Female, Fernando Martinez, Humans, MEDLINE, Middle Aged, N.I.H., NCBI, NIH, NLM, National Center for Biotechnology Information, National Institutes of Health, National Library of Medicine, Obstructive* / complications, PMC8883075, Paul M Macey, PubMed Abstract, Research Support, Respiration, Sleep / physiology, Sleep Apnea, Wakefulness* / physiology, doi:10.5664/jcsm.9728, pmid:34669569}
}

@article{Breathing-Pattern,
    title = {{Breathing-Pattern}}
}

@article{Breathing-Patternb,
    title = {{Breathing-Pattern}}
}

@article{Liu2015BreathSens:Array,
    title = {{BreathSens: A Continuous On-Bed Respiratory Monitoring System With Torso Localization Using an Unobtrusive Pressure Sensing Array; BreathSens: A Continuous On-Bed Respiratory Monitoring System With Torso Localization Using an Unobtrusive Pressure Sensing Array}},
    year = {2015},
    journal = {IEEE Journal of Biomedical and Health Informatics},
    author = {Liu, Jason J and Huang, Ming-Chun and Xu, Wenyao and Zhang, Xiaoyi and Stevens, Luke and Alshurafa, Nabil and Sarrafzadeh, Majid},
    number = {5},
    volume = {19},
    url = {http://ieeexplore.ieee.org.},
    doi = {10.1109/JBHI.2014.2344679},
    keywords = {Index Terms-Pictorial structure, pressure sensor, respiration monitoring, signal extraction}
}

@article{Redmond2006Cardiorespiratory-basedApnea,
    title = {{Cardiorespiratory-based sleep staging in subjects with obstructive sleep apnea}},
    year = {2006},
    journal = {IEEE Transactions on Biomedical Engineering},
    author = {Redmond, Stephen J. and Heneghan, Conor},
    number = {3},
    month = {3},
    pages = {485--496},
    volume = {53},
    doi = {10.1109/TBME.2005.869773},
    issn = {00189294},
    pmid = {16532775},
    keywords = {Breathing, ECG, EEG, Obstructive sleep apnea, Respiration, Sleep stage}
}

@article{CallejaComparisonApnoea,
    title = {{Comparison of a cardiorespiratory device versus polysomnography for diagnosis of sleep apnoea}},
    author = {Calleja, J M and Esnaola, S and Rubio, R and Dur{\'{a}}, J},
    doi = {10.1183/09031936.02.00297402}
}

@article{Calleja2002ComparisonApnoea,
    title = {{Comparison of a cardiorespiratory device versus polysomnography for diagnosis of sleep apnoea}},
    year = {2002},
    journal = {The European respiratory journal},
    author = {Calleja, J. M. and Esnaola, S. and Rubio, R. and Dur{\'{a}}n, J.},
    number = {6},
    month = {12},
    pages = {1505--1510},
    volume = {20},
    publisher = {Eur Respir J},
    url = {https://pubmed.ncbi.nlm.nih.gov/12503711/},
    doi = {10.1183/09031936.02.00297402},
    issn = {0903-1936},
    pmid = {12503711},
    keywords = {Ambulatory / instrumentation*, Comparative Study, Female, Humans, J Dur{\'{a}}n, J M Calleja, MEDLINE, Male, Middle Aged, Monitoring, NCBI, NIH, NLM, National Center for Biotechnology Information, National Institutes of Health, National Library of Medicine, Non-U.S. Gov't, Polysomnography*, PubMed Abstract, ROC Curve, Research Support, S Esnaola, Sensitivity and Specificity, Sleep Apnea Syndromes / diagnosis*, doi:10.1183/09031936.02.00297402, pmid:12503711}
}

@article{Drago2011CyclicCreativity,
    title = {{Cyclic alternating pattern in sleep and its relationship to creativity}},
    year = {2011},
    journal = {Sleep Medicine},
    author = {Drago, Valeria and Foster, Paul S. and Heilman, Kenneth M. and Aric{\`{o}}, Debora and Williamson, John and Montagna, Pasquale and Ferri, Raffaele},
    number = {4},
    month = {4},
    pages = {361--366},
    volume = {12},
    url = {https://www.sleepfoundation.org/stages-of-sleep},
    doi = {10.1016/j.sleep.2010.11.009},
    issn = {13899457},
    pmid = {21377416},
    keywords = {Arousal, Creativity, Cyclic alternating pattern, Frontal lobe functions, Sleep, Torrance}
}

@misc{DevelopingSleep,
    title = {{Developing a robotic platform to improve the quality of sleep}},
    url = {https://www.news-medical.net/news/20220318/Developing-an-autonomous-robotic-platform-to-improve-the-quality-of-sleep.aspx}
}

@article{Yordanova2010DifferentialRegularity,
    title = {{Differential associations of early- and late-night sleep with functional brain states promoting insight to abstract task regularity}},
    year = {2010},
    journal = {PloS one},
    author = {Yordanova, Juliana and Kolev, Vasil and Wagner, Ullrich and Verleger, Rolf},
    number = {2},
    month = {2},
    volume = {5},
    publisher = {PLoS One},
    url = {https://pubmed.ncbi.nlm.nih.gov/20195475/},
    doi = {10.1371/JOURNAL.PONE.0009442},
    issn = {1932-6203},
    pmid = {20195475},
    keywords = {Adolescent, Adult, Attention / physiology, Brain / physiology*, Clinical Trial, Cognition / physiology*, Electroencephalography, Humans, Juliana Yordanova, MEDLINE, Memory / physiology, NCBI, NIH, NLM, National Center for Biotechnology Information, National Institutes of Health, National Library of Medicine, Non-U.S. Gov't, PMC2829083, Psychomotor Performance / physiology*, PubMed Abstract, REM / physiology*, Reaction Time / physiology, Research Support, Rolf Verleger, Sleep, Task Performance and Analysis, Time Factors, Vasil Kolev, Young Adult, doi:10.1371/journal.pone.0009442, pmid:20195475}
}

@article{Subbe2003EffectAdmissions,
    title = {{Effect of introducing the Modified Early Warning score on clinical outcomes, cardio-pulmonary arrests and intensive care utilisation in acute medical admissions*}},
    year = {2003},
    journal = {Anaesthesia},
    author = {Subbe, C. P. and Davies, R. G. and Williams, E. and Rutherford, P. and Gemmell, L.},
    number = {8},
    month = {8},
    pages = {797--802},
    volume = {58},
    publisher = {John Wiley {\&} Sons, Ltd},
    url = {https://onlinelibrary.wiley.com/doi/full/10.1046/j.1365-2044.2003.03258.x https://onlinelibrary.wiley.com/doi/abs/10.1046/j.1365-2044.2003.03258.x https://associationofanaesthetists-publications.onlinelibrary.wiley.com/doi/10.1046/j.1365-2044.2003.03258.x},
    doi = {10.1046/J.1365-2044.2003.03258.X},
    issn = {1365-2044},
    pmid = {12859475},
    keywords = {Early Warning scores, Latex hypersensitivity, Risk management}
}

@misc{ElectrocardiogramNHS,
    title = {{Electrocardiogram (ECG) - NHS}},
    url = {https://www.nhs.uk/conditions/electrocardiogram/}
}

@misc{ElectroencephalogramMedicine,
    title = {{Electroencephalogram (EEG) | Johns Hopkins Medicine}},
    url = {https://www.hopkinsmedicine.org/health/treatment-tests-and-therapies/electroencephalogram-eeg}
}

@article{Tenhunen2013EmfitBreathing,
    title = {{Emfit movement sensor in evaluating nocturnal breathing}},
    year = {2013},
    journal = {Respiratory Physiology {\&} Neurobiology},
    author = {Tenhunen, Mirja and Elomaa, Ella and Sistonen, Heli and Rauhala, Esa and Himanen, Sari Leena},
    number = {2},
    month = {6},
    pages = {183--189},
    volume = {187},
    publisher = {Elsevier},
    doi = {10.1016/J.RESP.2013.03.009},
    issn = {1569-9048},
    pmid = {23583829},
    keywords = {Emfit, Respiratory effort, SCSB, Sleep, Sleep-disordered breathing, Sleep-mattress}
}

@article{Bakker2021EstimatingSeverity,
    title = {{Estimating sleep stages using cardiorespiratory signals: Validation of a novel algorithm across a wide range of sleep-disordered breathing severity}},
    year = {2021},
    journal = {Journal of Clinical Sleep Medicine},
    author = {Bakker, Jessie P. and Ross, Marco and Vasko, Ray and Cerny, Andreas and Fonseca, Pedro and Jasko, Jeff and Shaw, Edmund and White, David P. and Anderer, Peter},
    number = {7},
    month = {7},
    pages = {1343--1354},
    volume = {17},
    publisher = {American Academy of Sleep Medicine},
    url = {https://jcsm.aasm.org/doi/10.5664/jcsm.9192 https://jcsm.aasm.org/},
    doi = {10.5664/JCSM.9192/SUPPL{\_}FILE/JCSM.9192.DS001.PDF},
    issn = {15509397},
    pmid = {33660612},
    keywords = {Polysomnography, Sleep apnea syndromes, Sleep stages, Validation study}
}

@misc{GarminWebshop,
    title = {{Garmin | Schweiz | Offizielle Website {\&} Webshop}},
    url = {https://www.garmin.com/de-CH/}
}

@article{Hong2013HowPatients,
    title = {{How accurate are vital signs in predicting clinical outcomes in critically ill emergency department patients}},
    year = {2013},
    journal = {European Journal of Emergency Medicine},
    author = {Hong, Weili and Earnest, Arul and Sultana, Papia and Koh, Zhixiong and Shahidah, Nur and Ong, Marcus Eng Hock},
    number = {1},
    month = {2},
    pages = {27--32},
    volume = {20},
    url = {https://journals.lww.com/euro-emergencymed/Fulltext/2013/02000/How_accurate_are_vital_signs_in_predicting.6.aspx},
    doi = {10.1097/MEJ.0B013E32834FDCF3},
    issn = {09699546},
    pmid = {22198158},
    keywords = {Blood pressure, Cardiac arrest, Critically ill, Death, Glasgow Coma Scale, ICU, Oxygen saturation, Pulse rate, Respiratory rate, Vital signs}
}

@article{Hunt2015IdentificationExercise,
    title = {{Identification of heart rate dynamics during moderate-to-vigorous treadmill exercise}},
    year = {2015},
    journal = {BioMedical Engineering Online},
    author = {Hunt, Kenneth J. and Fankhauser, Simon E. and Saengsuwan, Jittima},
    number = {1},
    month = {12},
    pages = {1--13},
    volume = {14},
    publisher = {BioMed Central Ltd.},
    url = {https://biomedical-engineering-online.biomedcentral.com/articles/10.1186/s12938-015-0112-7},
    doi = {10.1186/S12938-015-0112-7/FIGURES/5},
    issn = {1475925X},
    pmid = {26689430},
    keywords = {Biomaterials, Biomedical Engineering and Bioengineering, Biomedical Engineering/Biotechnology, Biotechnology}
}

@misc{IEEEPDF:,
    title = {{IEEE Xplore Full-Text PDF:}},
    url = {https://ieeexplore.ieee.org/stamp/stamp.jsp?arnumber=8214103}
}

@misc{ManuelZurich,
    title = {{Manuel Fujs – Sensory-Motor Systems Lab | ETH Zurich}},
    url = {https://sms.hest.ethz.ch/the-group/team/manuel_fujs.html}
}

@article{Penzel2016ModulationsPolysomnography,
    title = {{Modulations of Heart Rate, ECG, and Cardio-Respiratory Coupling Observed in Polysomnography}},
    year = {2016},
    journal = {Frontiers in physiology},
    author = {Penzel, Thomas and Kantelhardt, Jan W. and Bartsch, Ronny P. and Riedl, Maik and Kraemer, Jan F. and Wessel, Niels and Garcia, Carmen and Glos, Martin and Fietze, Ingo and Sch{\"{o}}bel, Christoph},
    number = {OCT},
    month = {10},
    volume = {7},
    publisher = {Front Physiol},
    url = {https://pubmed.ncbi.nlm.nih.gov/27826247/},
    doi = {10.3389/FPHYS.2016.00460},
    issn = {1664-042X},
    pmid = {27826247},
    keywords = {Christoph Sch{\"{o}}bel, Jan W Kantelhardt, MEDLINE, NCBI, NIH, NLM, National Center for Biotechnology Information, National Institutes of Health, National Library of Medicine, PMC5078504, PubMed Abstract, Review, Thomas Penzel, doi:10.3389/fphys.2016.00460, pmid:27826247}
}

@article{PapakostasMonitoringTechnologies,
    title = {{Monitoring Breathing Activity and Sleep Patterns Using Multimodal Non-invasive Technologies}},
    author = {Papakostas, Michalis and Staud, James and Makedon, Fillia and Metsis, Vangelis},
    url = {http://dx.doi.org/10.1145/2769493.2769585},
    isbn = {9781450334525},
    doi = {10.1145/2769493.2769585},
    keywords = {Breath Monitoring, Health-care Information Retrieval, J3 [Life and medical sciences ]: Health, Medical informa-tion systems; H12 [User/Machine Systems ]: Metrics-Human information processing Keywords Machine Learning, Mobile Ap-plications, Sleep Disorders, Sleep Monitoring}
}

@article{Sadek2017NonintrusiveStudy,
    title = {{Nonintrusive Vital Signs Monitoring for Sleep Apnea Patients: A Preliminary Study}},
    year = {2017},
    journal = {IEEE Access},
    author = {Sadek, Ibrahim and Seet, Edwin and Biswas, Jit and Abdulrazak, Bessam and Mokhtari, Mounir},
    month = {12},
    pages = {2506--2514},
    volume = {6},
    publisher = {Institute of Electrical and Electronics Engineers Inc.},
    doi = {10.1109/ACCESS.2017.2783939},
    issn = {21693536},
    keywords = {Ballistocardiography, e-health, sleep apnea, technology and services for home care, vital signs}
}

@article{Cretikos2008OfMBA,
    title = {{of Intensive Care and Director of Intensive Care Research 2 Ken Hillman, MB BS, FRCA, FJFICM, Professor of Intensive Care 3 Jack Chen, MB BS, MBA}},
    year = {2008},
    author = {Cretikos, Michelle A and Bellomo, Rinaldo},
    number = {2},
    volume = {188},
    url = {http://www.ncepod.org.uk/2005.htm}
}

@article{Chourpiliadis2022PhysiologyRate,
    title = {{Physiology, Respiratory Rate}},
    year = {2022},
    journal = {StatPearls},
    author = {Chourpiliadis, Charilaos and Bhardwaj, Abhishek},
    month = {9},
    publisher = {StatPearls Publishing},
    url = {https://www.ncbi.nlm.nih.gov/books/NBK537306/},
    pmid = {30725991}
}

@article{Patel2022PhysiologyStages,
    title = {{Physiology, Sleep Stages}},
    year = {2022},
    journal = {StatPearls},
    author = {Patel, Aakash K. and Reddy, Vamsi and Shumway, Karlie R. and Araujo, John F.},
    month = {9},
    publisher = {StatPearls Publishing},
    url = {https://www.ncbi.nlm.nih.gov/books/NBK526132/},
    pmid = {30252388}
}

@article{Baran2012ProcessingSleep,
    title = {{Processing of Emotional Reactivity and Emotional Memory over Sleep}},
    year = {2012},
    journal = {Journal of Neuroscience},
    author = {Baran, Bengi and Pace-Schott, Edward F. and Ericson, Callie and Spencer, Rebecca M.C.},
    number = {3},
    month = {1},
    pages = {1035--1042},
    volume = {32},
    publisher = {Society for Neuroscience},
    url = {https://www.jneurosci.org/content/32/3/1035 https://www.jneurosci.org/content/32/3/1035.abstract},
    doi = {10.1523/JNEUROSCI.2532-11.2012},
    issn = {0270-6474},
    pmid = {22262901}
}

@misc{PulseMedicine,
    title = {{Pulse Oximetry | Johns Hopkins Medicine}},
    url = {https://www.hopkinsmedicine.org/health/treatment-tests-and-therapies/pulse-oximetry}
}

@article{Townsend2011RelativeApnea,
    title = {{Relative Thresholding With Under-Mattress Pressure Sensors to Detect Central Apnea}},
    year = {2011},
    journal = {IEEE Transactions on Instrumentation and Measurement},
    author = {Townsend, Daphne and Member, Student and Holtzman, Megan and Goubran, Rafik and Member, Senior and Frize, Monique and Knoefel, Frank},
    number = {10},
    volume = {60},
    url = {http://ieeexplore.ieee.org.},
    doi = {10.1109/TIM.2011.2123250},
    keywords = {Adaptive signal detection, biological measurement, biomedical monitoring, pressure measurement, sleep}
}

@inproceedings{Townsend2011RelativeApneab,
    title = {{Relative thresholding with under-mattress pressure sensors to detect central apnea}},
    year = {2011},
    booktitle = {IEEE Transactions on Instrumentation and Measurement},
    author = {Townsend, Daphne and Holtzman, Megan and Goubran, Rafik and Frize, Monique and Knoefel, Frank},
    number = {10},
    month = {10},
    pages = {3281--3289},
    volume = {60},
    doi = {10.1109/TIM.2011.2123250},
    issn = {00189456},
    keywords = {Adaptive signal detection, biological measurement, biomedical monitoring, pressure measurement, sleep}
}

@inproceedings{Townsend2011RelativeApneac,
    title = {{Relative thresholding with under-mattress pressure sensors to detect central apnea}},
    year = {2011},
    booktitle = {IEEE Transactions on Instrumentation and Measurement},
    author = {Townsend, Daphne and Holtzman, Megan and Goubran, Rafik and Frize, Monique and Knoefel, Frank},
    number = {10},
    month = {10},
    pages = {3281--3289},
    volume = {60},
    doi = {10.1109/TIM.2011.2123250},
    issn = {00189456},
    keywords = {Adaptive signal detection, biological measurement, biomedical monitoring, pressure measurement, sleep}
}

@article{Bleich2010RespiratorySleep,
    title = {{Respiratory Dysrhythmias during Sleep}},
    year = {2010},
    journal = {http://dx.doi.org/10.1056/NEJM198108063050606},
    author = {Bleich, Howard L. and Moore, Mary Jean and Cherniack, Neil S.},
    number = {6},
    month = {1},
    pages = {325--330},
    volume = {305},
    publisher = { Massachusetts Medical Society },
    url = {https://www.nejm.org/doi/full/10.1056/NEJM198108063050606},
    doi = {10.1056/NEJM198108063050606},
    issn = {0028-4793},
    pmid = {7017417}
}

@article{Brullmann2010RespiratoryCalibration,
    title = {{Respiratory Monitoring by Inductive Plethysmography in Unrestrained Subjects Using Position Sensor-Adjusted Calibration}},
    year = {2010},
    journal = {Respiration},
    author = {Br{\"{u}}llmann, Gregor and Fritsch, Karsten and Thurnheer, Robert and Bloch, Konrad E.},
    number = {2},
    month = {12},
    pages = {112--120},
    volume = {79},
    publisher = {Karger Publishers},
    url = {https://www.karger.com/Article/FullText/212117 https://www.karger.com/Article/Abstract/212117},
    doi = {10.1159/000212117},
    issn = {0025-7931},
    pmid = {19365103},
    keywords = {253725, Breathing pattern, Exercise, Inductive plethysmography, No. 2, Noninvasive physiologic monitoring, Pulmonary ventilation, Respiration 2010, Vol. 79}
}

@article{Fieselmann1993RespiratoryInpatients,
    title = {{Respiratory rate predicts cardiopulmonary arrest for internal medicine inpatients}},
    year = {1993},
    journal = {Journal of General Internal Medicine},
    author = {Fieselmann, John F. and Hendryx, Michael S. and Helms, Charles M. and Wakefield, Douglas S.},
    number = {7},
    month = {7},
    pages = {354--360},
    volume = {8},
    publisher = {Springer},
    url = {https://link.springer.com/article/10.1007/BF02600071},
    doi = {10.1007/BF02600071/METRICS},
    issn = {08848734},
    pmid = {8410395},
    keywords = {cardiopulmonary arrest, internal medicine, prediction, respiratory rate, vital sign measurement}
}

@misc{SensingConnectivity,
    title = {{Sensing Tex - Stretchable Electronics, Smarter Connectivity}},
    url = {https://sensingtex.com/}
}

@misc{SensomativeMats,
    title = {{sensomative – Innovative Sensor Mats}},
    url = {https://sensomative.com/en/}
}

@article{Cowie2017SleepArt,
    title = {{Sleep apnea: State of the art}},
    year = {2017},
    journal = {Trends in cardiovascular medicine},
    author = {Cowie, Martin R.},
    number = {4},
    month = {5},
    pages = {280--289},
    volume = {27},
    publisher = {Trends Cardiovasc Med},
    url = {https://pubmed.ncbi.nlm.nih.gov/28143688/},
    doi = {10.1016/J.TCM.2016.12.005},
    issn = {1873-2615},
    pmid = {28143688},
    keywords = {Cardiovascular System / physiopathology*, Continuous Positive Airway Pressure, Electric Stimulation Therapy, Heart Diseases / diagnosis, Heart Diseases / etiology*, Heart Diseases / physiopathology, Heart Diseases / prevention {\&} control, Hemodynamics*, Humans, Lung / physiopathology*, MEDLINE, Martin R Cowie, NCBI, NIH, NLM, National Center for Biotechnology Information, National Institutes of Health, National Library of Medicine, Oxygen Inhalation Therapy, Polysomnography, Prognosis, PubMed Abstract, Respiration*, Review, Risk Assessment, Risk Factors, Risk Reduction Behavior, Sleep Apnea Syndromes / complications*, Sleep Apnea Syndromes / diagnosis, Sleep Apnea Syndromes / physiopathology, Sleep Apnea Syndromes / therapy, Sleep*, doi:10.1016/j.tcm.2016.12.005, pmid:28143688}
}

@article{Colten2006SleepProblem,
    title = {{Sleep Disorders and Sleep Deprivation: An Unmet Public Health Problem}},
    year = {2006},
    journal = {Sleep Disorders and Sleep Deprivation: An Unmet Public Health Problem},
    author = {Colten, Harvey R. and Altevogt, Bruce M.},
    month = {10},
    pages = {1--404},
    publisher = {National Academies Press},
    url = {https://pubmed.ncbi.nlm.nih.gov/20669438/},
    isbn = {0309101115},
    doi = {10.17226/11617},
    pmid = {20669438},
    keywords = {MEDLINE, NBK19960, NCBI, NIH, NLM, National Center for Biotechnology Information, National Institutes of Health, National Library of Medicine, PubMed Abstract, Review, affs=[]), doi:10.17226/11617, investigators=[], pmid:20669438}
}

@article{Tataraidze2015SleepSignal,
    title = {{Sleep stage classification based on respiratory signal}},
    year = {2015},
    journal = {Proceedings of the Annual International Conference of the IEEE Engineering in Medicine and Biology Society, EMBS},
    author = {Tataraidze, Alexander and Anishchenko, Lesya and Korostovtseva, Lyudmila and Kooij, Bert Jan and Bochkarev, Mikhail and Sviryaev, Yurii},
    month = {11},
    pages = {358--361},
    volume = {2015-November},
    publisher = {Institute of Electrical and Electronics Engineers Inc.},
    isbn = {9781424492718},
    doi = {10.1109/EMBC.2015.7318373},
    issn = {1557170X},
    pmid = {26736273}
}

@article{Gasmi2020SleepVariables,
    title = {{Sleep stages classification using cardio-respiratory variables}},
    year = {2020},
    journal = {IEEE International Conference on Automation Science and Engineering},
    author = {Gasmi, Asma and Augusto, Vincent and Beaudet, Paul Antoine and Faucheu, Jenny and Morin, Claire and Serpaggi, Xavier and Vassel, Franck},
    month = {8},
    pages = {1031--1036},
    volume = {2020-August},
    publisher = {IEEE},
    url = {https://hal-emse.ccsd.cnrs.fr/emse-03128483 https://hal-emse.ccsd.cnrs.fr/emse-03128483/document},
    isbn = {9781728169040},
    doi = {10.1109/CASE48305.2020.9217045},
    issn = {21618089}
}

@misc{StagesFoundation,
    title = {{Stages of Sleep: What Happens in a Sleep Cycle | Sleep Foundation}},
    url = {https://www.sleepfoundation.org/stages-of-sleep#references-175856}
}

@article{Lutfi2017TheMeasurements,
    title = {{The physiological basis and clinical significance of lung volume measurements}},
    year = {2017},
    journal = {Multidisciplinary respiratory medicine},
    author = {Lutfi, Mohamed Faisal},
    number = {1},
    month = {2},
    volume = {12},
    publisher = {Multidiscip Respir Med},
    url = {https://pubmed.ncbi.nlm.nih.gov/28194273/},
    doi = {10.1186/S40248-017-0084-5},
    issn = {1828-695X},
    pmid = {28194273},
    keywords = {MEDLINE, Mohamed Faisal Lutfi, NCBI, NIH, NLM, National Center for Biotechnology Information, National Institutes of Health, National Library of Medicine, PMC5299792, PubMed Abstract, Review, doi:10.1186/s40248-017-0084-5, pmid:28194273}
}

@article{Lutfi2017TheMeasurementsb,
    title = {{The physiological basis and clinical significance of lung volume measurements}},
    year = {2017},
    journal = {Multidisciplinary Respiratory Medicine},
    author = {Lutfi, Mohamed Faisal},
    number = {1},
    month = {2},
    pages = {1--12},
    volume = {12},
    publisher = {BioMed Central Ltd.},
    url = {https://mrmjournal.biomedcentral.com/articles/10.1186/s40248-017-0084-5},
    doi = {10.1186/S40248-017-0084-5/FIGURES/7},
    issn = {20496958},
    keywords = {Lung capacities, Lung volumes, Obstructive, Restrictive, Spirometry}
}

@techreport{Pinheiro2010TheoryBallistocardiography,
    title = {{Theory and Developments in an Unobtrusive Cardiovascular System Representation: Ballistocardiography}},
    year = {2010},
    booktitle = {The Open Biomedical Engineering Journal},
    author = {Pinheiro, Eduardo and Postolache, Octavian and Gir{\~{a}}o, Pedro},
    pages = {201--216},
    volume = {4},
    keywords = {Ballistocardiography, biomedical measurements, cardiac signal analysis, cardiovascular system monitoring, unobtrusive instrumentation}
}

@article{Chen2008UnconstrainedSleep,
    title = {{Unconstrained monitoring of long-term heart and breath rates during sleep}},
    year = {2008},
    journal = {Physiological Measurement},
    author = {Chen, Wenxi and Zhu, Xin and Nemoto, Tetsu and Kitamura, Kei Ichiro and Sugitani, Kayo and Wei, Daming},
    number = {2},
    month = {1},
    pages = {N1},
    volume = {29},
    publisher = {IOP Publishing},
    url = {https://iopscience.iop.org/article/10.1088/0967-3334/29/2/N01 https://iopscience.iop.org/article/10.1088/0967-3334/29/2/N01/meta},
    doi = {10.1088/0967-3334/29/2/N01},
    issn = {0967-3334},
    pmid = {18256448},
    keywords = {Breath rate, Heart rate, Sleep monitor, Unconstrained method, Wavelet transformation}
}

@article{Chen2008UnconstrainedSleepb,
    title = {{Unconstrained monitoring of long-term heart and breath rates during sleep}},
    year = {2008},
    journal = {Physiological Measurement},
    author = {Chen, Wenxi and Zhu, Xin and Nemoto, Tetsu and Kitamura, Kei Ichiro and Sugitani, Kayo and Wei, Daming},
    number = {2},
    month = {1},
    pages = {N1},
    volume = {29},
    publisher = {IOP Publishing},
    url = {https://iopscience.iop.org/article/10.1088/0967-3334/29/2/N01 https://iopscience.iop.org/article/10.1088/0967-3334/29/2/N01/meta},
    doi = {10.1088/0967-3334/29/2/N01},
    issn = {0967-3334},
    pmid = {18256448},
    keywords = {Breath rate, Heart rate, Sleep monitor, Unconstrained method, Wavelet transformation}
}

@article{Lauteslager2021ValidationTechnology,
    title = {{Validation of a New Contactless and Continuous Respiratory Rate Monitoring Device Based on Ultra-Wideband Radar Technology}},
    year = {2021},
    journal = {Sensors 2021, Vol. 21, Page 4027},
    author = {Lauteslager, Timo and Maslik, Michal and Siddiqui, Fares and Marfani, Saad and Leschziner, Guy D. and Williams, Adrian J.},
    number = {12},
    month = {6},
    pages = {4027},
    volume = {21},
    publisher = {Multidisciplinary Digital Publishing Institute},
    url = {https://www.mdpi.com/1424-8220/21/12/4027/htm https://www.mdpi.com/1424-8220/21/12/4027},
    doi = {10.3390/S21124027},
    issn = {1424-8220},
    pmid = {34207961},
    keywords = {analysis of agreement, contactless monitor, continuous vital sign monitoring, performance validation, remote patient monitoring, respiratory rate monitor, ultra, wideband radar}
}

@article{Holtzman2010ValidationEnvironments,
    title = {{Validation of pressure sensors for physiological monitoring in home environments}},
    year = {2010},
    journal = {2010 IEEE International Workshop on Medical Measurements and Applications, MeMeA 2010 - Proceedings},
    author = {Holtzman, M. and Townsend, D. and Goubran, R. and Knoefel, F.},
    pages = {38--42},
    isbn = {9781424462896},
    doi = {10.1109/MEMEA.2010.5480218},
    keywords = {Data fusion, Intelligent sensors, Pressure sensor array, Respiratory signal, Unobtrusive monitoring}
}

@book{Holtzman2010ValidationEnvironmentsb,
    title = {{Validation of Pressure Sensors for Physiological Monitoring in Home Environments}},
    year = {2010},
    booktitle = {2010 IEEE International Workshop on Medical Measurements and Applications},
    author = {Holtzman, M and Townsend, D and Goubran, R and Knoefel, F},
    isbn = {9781424462902},
    doi = {10.1109/MEMEA.2010.5480218},
    keywords = {data fusion, intelligent sensors, pressure sensor array, respiratory signal, unobtrusive monitoring}
}

@article{Akay1997WaveletMedicine,
    title = {{Wavelet applications in medicine}},
    year = {1997},
    journal = {IEEE Spectrum},
    author = {Akay, Metin},
    number = {5},
    month = {5},
    pages = {50--56},
    volume = {34},
    publisher = {IEEE},
    doi = {10.1109/6.590747},
    issn = {00189235}
}

@misc{WirelessSystem,
    title = {{Wireless and Portable Polysomnography Device: Nox A1 PSG System}},
    url = {https://noxmedical.com/products/nox-a1-psg-system/}
}

@misc{WirelessSystemb,
    title = {{Wireless and Portable Polysomnography Device: Nox A1 PSG System}},
    url = {https://noxmedical.com/products/nox-a1-psg-system/}
}