@article{SadekAStudy,
    title = {{A New Approach for Detecting Sleep Apnea Using a Contactless Bed Sensor: Comparison Study}},
    author = {Sadek, Ibrahim and Tan, Terry and Heng, Soon and Seet, ; Edwin and Abdulrazak, Bessam},
    url = {http://www.jmir.org/2020/9/e18297/},
    doi = {10.2196/18297}
}

@article{Long2014AnalyzingClassification,
    title = {{Analyzing respiratory effort amplitude for automated sleep stage classification}},
    year = {2014},
    journal = {Biomedical Signal Processing and Control},
    author = {Long, Xi and Foussier, Jérôme and Fonseca, Pedro and Haakma, Reinder and Aarts, Ronald M.},
    number = {1},
    month = {11},
    pages = {197--205},
    volume = {14},
    publisher = {Elsevier},
    doi = {10.1016/J.BSPC.2014.08.001},
    issn = {1746-8094},
    keywords = {Feature extraction, Respiratory effort amplitude, Signal calibration, Sleep stage classification}
}

@article{NatarajanARTICLEDetection,
    title = {{ARTICLE Measurement of respiratory rate using wearable devices and applications to COVID-19 detection}},
    author = {Natarajan, Aravind and Su, Hao-Wei and Heneghan, Conor and Blunt, Leanna and Niehaus, Logan},
    url = {https://doi.org/10.1038/s41746-021-00493-6},
    doi = {10.1038/s41746-021-00493-6}
}

@article{Noto2018AutomatedToolbox,
    title = {{Automated analysis of breathing waveforms using BreathMetrics: a respiratory signal processing toolbox}},
    year = {2018},
    journal = {Chemical senses},
    author = {Noto, Torben and Zhou, Guangyu and Schuele, Stephan and Templer, Jessica and Zelano, Christina},
    number = {8},
    month = {9},
    pages = {583--597},
    volume = {43},
    publisher = {Chem Senses},
    url = {https://pubmed.ncbi.nlm.nih.gov/29985980/},
    doi = {10.1093/CHEMSE/BJY045},
    issn = {1464-3553},
    pmid = {29985980},
    keywords = {Algorithms, Automation, Christina Zelano, Extramural, Guangyu Zhou, Humans, MEDLINE, N.I.H., NCBI, NIH, NLM, Nasal Cavity / physiology, National Center for Biotechnology Information, National Institutes of Health, National Library of Medicine, Olfactory Cortex / physiology, Olfactory Perception, PMC6150778, PubMed Abstract, Reproducibility of Results, Research Support, Respiration*, Torben Noto, doi:10.1093/chemse/bjy045, pmid:29985980}
}

@article{HoogAntink2020BallistocardiographyIntervention,
    title = {{Ballistocardiography can estimate beat-to-beat heart rate accurately at night in patients after vascular intervention}},
    year = {2020},
    journal = {IEEE Journal of Biomedical and Health Informatics},
    author = {Hoog Antink, Christoph and Mai, Yen and Aalto, Roosa and Bruser, Christoph and Leonhardt, Steffen and Oksala, Niku and Vehkaoja, Antti},
    number = {8},
    month = {8},
    pages = {2230--2237},
    volume = {24},
    publisher = {Institute of Electrical and Electronics Engineers Inc.},
    doi = {10.1109/JBHI.2020.2970298},
    issn = {21682208},
    pmid = {32011272},
    keywords = {Ballistocardiography (BCG), beat-to-beat intervals, heart rate, heart rate variability, unobtrusive sensing}
}

@article{KempfleBreathingMethods,
    title = {{Breathing In-Depth: A Parametrization Study on RGB-D Respiration Extraction Methods}},
    author = {Kempfle, Jochen and Laerhoven, Kristof Van},
    url = {www.frontiersin.org},
    isbn = {2021.757277},
    doi = {10.3389/fcomp.2021.757277},
    keywords = {depth imaging, depth-based breathing estimation, remote respiration measurement, respiration sensing, rgb-d}
}

@article{CallejaComparisonApnoea,
    title = {{Comparison of a cardiorespiratory device versus polysomnography for diagnosis of sleep apnoea}},
    author = {Calleja, J M and Esnaola, S and Rubio, R and Dur{\'{a}}, J},
    doi = {10.1183/09031936.02.00297402}
}

@article{Hunt2015IdentificationExercise,
    title = {{Identification of heart rate dynamics during moderate-to-vigorous treadmill exercise}},
    year = {2015},
    journal = {BioMedical Engineering Online},
    author = {Hunt, Kenneth J. and Fankhauser, Simon E. and Saengsuwan, Jittima},
    number = {1},
    month = {12},
    pages = {1--13},
    volume = {14},
    publisher = {BioMed Central Ltd.},
    url = {https://biomedical-engineering-online.biomedcentral.com/articles/10.1186/s12938-015-0112-7},
    doi = {10.1186/S12938-015-0112-7/FIGURES/5},
    issn = {1475925X},
    pmid = {26689430},
    keywords = {Biomaterials, Biomedical Engineering and Bioengineering, Biomedical Engineering/Biotechnology, Biotechnology}
}

@misc{IEEEPDF:,
    title = {{IEEE Xplore Full-Text PDF:}},
    url = {https://ieeexplore.ieee.org/stamp/stamp.jsp?arnumber=8214103}
}

@article{Sadek2017NonintrusiveStudy,
    title = {{Nonintrusive Vital Signs Monitoring for Sleep Apnea Patients: A Preliminary Study}},
    year = {2017},
    journal = {IEEE Access},
    author = {Sadek, Ibrahim and Seet, Edwin and Biswas, Jit and Abdulrazak, Bessam and Mokhtari, Mounir},
    month = {12},
    pages = {2506--2514},
    volume = {6},
    publisher = {Institute of Electrical and Electronics Engineers Inc.},
    doi = {10.1109/ACCESS.2017.2783939},
    issn = {21693536},
    keywords = {Ballistocardiography, e-health, sleep apnea, technology and services for home care, vital signs}
}

@article{Chourpiliadis2022PhysiologyRate,
    title = {{Physiology, Respiratory Rate}},
    year = {2022},
    journal = {StatPearls},
    author = {Chourpiliadis, Charilaos and Bhardwaj, Abhishek},
    month = {9},
    publisher = {StatPearls Publishing},
    url = {https://www.ncbi.nlm.nih.gov/books/NBK537306/},
    pmid = {30725991}
}

@article{Bleich2010RespiratorySleep,
    title = {{Respiratory Dysrhythmias during Sleep}},
    year = {2010},
    journal = {http://dx.doi.org/10.1056/NEJM198108063050606},
    author = {Bleich, Howard L. and Moore, Mary Jean and Cherniack, Neil S.},
    number = {6},
    month = {1},
    pages = {325--330},
    volume = {305},
    publisher = { Massachusetts Medical Society },
    url = {https://www.nejm.org/doi/full/10.1056/NEJM198108063050606},
    doi = {10.1056/NEJM198108063050606},
    issn = {0028-4793},
    pmid = {7017417}
}

@article{Tataraidze2015SleepSignal,
    title = {{Sleep stage classification based on respiratory signal}},
    year = {2015},
    journal = {Proceedings of the Annual International Conference of the IEEE Engineering in Medicine and Biology Society, EMBS},
    author = {Tataraidze, Alexander and Anishchenko, Lesya and Korostovtseva, Lyudmila and Kooij, Bert Jan and Bochkarev, Mikhail and Sviryaev, Yurii},
    month = {11},
    pages = {358--361},
    volume = {2015-November},
    publisher = {Institute of Electrical and Electronics Engineers Inc.},
    isbn = {9781424492718},
    doi = {10.1109/EMBC.2015.7318373},
    issn = {1557170X},
    pmid = {26736273}
}

@article{Lutfi2017TheMeasurements,
    title = {{The physiological basis and clinical significance of lung volume measurements}},
    year = {2017},
    journal = {Multidisciplinary respiratory medicine},
    author = {Lutfi, Mohamed Faisal},
    number = {1},
    month = {2},
    volume = {12},
    publisher = {Multidiscip Respir Med},
    url = {https://pubmed.ncbi.nlm.nih.gov/28194273/},
    doi = {10.1186/S40248-017-0084-5},
    issn = {1828-695X},
    pmid = {28194273},
    keywords = {MEDLINE, Mohamed Faisal Lutfi, NCBI, NIH, NLM, National Center for Biotechnology Information, National Institutes of Health, National Library of Medicine, PMC5299792, PubMed Abstract, Review, doi:10.1186/s40248-017-0084-5, pmid:28194273}
}